@article{Graham:2014sha,
    author = "Graham, Peter W. and Mardon, Jeremy and Rajendran, Surjeet and Zhao, Yue",
    title = "{Parametrically enhanced hidden photon search}",
    eprint = "1407.4806",
    archivePrefix = "arXiv",
    primaryClass = "hep-ph",
    doi = "10.1103/PhysRevD.90.075017",
    journal = "Phys. Rev. D",
    volume = "90",
    number = "7",
    pages = "075017",
    year = "2014"
}

@article{Caputo:2021eaa,
    author = "Caputo, Andrea and Millar, Alexander J. and O'Hare, Ciaran A. J. and Vitagliano, Edoardo",
    title = "{Dark photon limits: A handbook}",
    eprint = "2105.04565",
    archivePrefix = "arXiv",
    primaryClass = "hep-ph",
    reportNumber = "NORDITA-2021-036",
    doi = "10.1103/PhysRevD.104.095029",
    journal = "Phys. Rev. D",
    volume = "104",
    number = "9",
    pages = "095029",
    year = "2021"
}
